@article{2017askelle,
  title={Ask-Elle: an adaptable programming tutor for Haskell giving automated feedback},
  author={Gerdes, Alex and Heeren, Bastiaan and Jeuring, Johan and van Binsbergen, L Thomas},
  journal={International Journal of Artificial Intelligence in Education},
  volume={27},
  number={1},
  pages={65--100},
  year={2017},
  publisher={Springer}
}
