@MastersThesis{gsam2015,
  type = "Undergraduate Honors Thesis",
  school = "Victoria University of Wellington",
  author = "Garming Sam",
  title = "Automated Refactoring of {R}ust Programs",
}

@misc{gsamcode,
  title = {rust-refactor},
  author = {Garming Sam},
  howpublished = {\url{https://github.com/GSam/rust-refactor/}},
  note = {git 74c1d50aa7275f0db3ec8d0252dc89ba69626c1a}
}

@misc{rrtcode,
  title = {{RRT} source code},
  author = {Adolfo Ochagavía},
  howpublished = {\url{https://github.com/aochagavia/RRT/}},
}

@misc{racer,
  title = {Racer - code completion for {R}ust},
  author = {Phil Dawes},
  howpublished = {\url{https://github.com/phildawes/racer}},
  note = {git 3ac365e55189b814aa872e81cf8e3a6249b91ff1}
}

@misc{rustweb,
  title = {Rust official website},
  howpublished = {\url{http://www.rust-lang.org/}},
  note = {[Online; accessed 20160212]}
}

@misc{rustbook,
  title={The {R}ust Programming Language},
  author={The {R}ust Developers},
  howpublished = {\url{https://doc.rust-lang.org/book/}}
  note = {[Online; accessed 20160212]}
}

@misc{rustgit,
  title={Rust's official git repository},
  author={The {R}ust Developers},
  howpublished = {https://github.com/rust-lang/rust}
}

@misc{clippy,
  title={rust-clippy git repository},
  author={Goregaokar, Manish},
  howpublished = {https://github.com/Manishearth/rust-clippy}
}

@misc{rls,
  title={Rust {R}{F}{C} 1317 - Rust Language Server},
  author={Cameron, Nicholas},
  howpublished = {https://github.com/rust-lang/rfcs/blob/8fb87426c63b29e32072ac48684901fa54f6e3a8/text/1317-ide.md}
}

@misc{pr:refactor-save-analysis,
  title={Pull Request: Refactor rustc\_trans::save to allow other backends than CSV},
  author={Ochagavía, Adolfo},
  howpublished = {https://github.com/rust-lang/rust/pull/31838}
}

@misc{pr:refactor-save-analysis2,
  title={Pull Request: save-analysis: use a decoupled representation for dumped data},
  author={Ochagavía, Adolfo and Cameron, Nicholas},
  howpublished = {https://github.com/rust-lang/rust/pull/33370}
}

@misc{pr:rustc-file-loader,
  title={Pull Request: rustc\_driver: Allow running the compiler with a FileLoader},
  author={Ochagavía, Adolfo},
  howpublished = {https://github.com/rust-lang/rust/pull/33217}
}

@misc{issue:rustdoc-conditional-compilation,
  title={Issue: Rustdoc needs to handle conditional compilation somehow},
  author={Anderson, Brian},
  howpublished = {https://github.com/rust-lang/rust/issues/1998}
}

@incollection{typescript2014,
  title={Understanding typescript},
  author={Bierman, Gavin and Abadi, Mart{\'\i}n and Torgersen, Mads},
  booktitle={ECOOP 2014--Object-Oriented Programming},
  pages={257--281},
  year={2014},
  publisher={Springer}
}

@article{roslyn2012,
  title={The Roslyn Project, Exposing the C\# and VB compiler’s code analysis},
  author={Ng, Karen and Warren, Matt and Golde, Peter and Hejlsberg, Anders},
  journal={White paper, Microsoft},
  year={2012}
}

@inproceedings{clang2008,
  title={{LLVM} and {C}lang: Next generation compiler technology},
  author={Lattner, Chris},
  booktitle={The BSD Conference},
  pages={1--2},
  year={2008}
}

@inproceedings{llvm2004,
  title={{LLVM}: A compilation framework for lifelong program analysis \& transformation},
  author={Lattner, Chris and Adve, Vikram},
  booktitle={Code Generation and Optimization, 2004. CGO 2004. International Symposium on},
  pages={75--86},
  year={2004},
  organization={IEEE}
}

@book{lint1977,
  title={Lint, a C program checker},
  author={Johnson, Stephen C},
  year={1977},
  publisher={Citeseer}
}

@misc{announcing_rust,
  author = {The Rust Core Team},
  title = {Announcing Rust 1.0},
  type = {Blog},
  year = {2015},
  howpublished = {\url{http://blog.rust-lang.org/2015/05/15/Rust-1.0.html}}
}

@misc{one_year_of_rust,
  author = {Aaron Turon},
  title = {One year of Rust},
  type = {Blog},
  year = {2016},
  howpublished = {\url{http://blog.rust-lang.org/2016/05/16/rust-at-one-year.html}}
}

@misc{introducing_mir,
  author = {Niko Matsakis},
  title = {Introducing MIR},
  type = {Blog},
  year = {2016},
  howpublished = {\url{http://blog.rust-lang.org/2016/04/19/MIR.html}}
}

@inproceedings{cyclone2002,
  title={Cyclone: A Safe Dialect of {C}.},
  author={Jim, Trevor and Morrisett, J Gregory and Grossman, Dan and Hicks, Michael W and Cheney, James and Wang, Yanling},
  booktitle={USENIX Annual Technical Conference, General Track},
  pages={275--288},
  year={2002}
}

@misc{ats2010,
  title={The {ATS} Programming Language},
  author={Xi, Hongwei},
  year={2010}
}

@misc{thompson2016,
  title = {Towards Trustworthy Refactoring in {E}rlang},
  author = {Horpácsi, Daniel and Koszegi, Judit and Thompson, Simon},
  year = {2016},
  howpublished = {Submitted to the Fourth International Workshop on Verification and Program Transformation},
  note = {Preprint available at \url{http://refal.botik.ru/vpt/vpt2016/VPT2016_preprint_4.pdf}}
}

@inproceedings{leino2010,
  title={Dafny: An automatic program verifier for functional correctness},
  author={Leino, K Rustan M},
  booktitle={Logic for Programming, Artificial Intelligence, and Reasoning},
  pages={348--370},
  year={2010},
  organization={Springer}
}

@article{mens2004,
  title={A survey of software refactoring},
  author={Mens, Tom and Tourw{\'e}, Tom},
  journal={Software Engineering, IEEE Transactions on},
  volume={30},
  number={2},
  pages={126--139},
  year={2004},
  publisher={IEEE}
}

@misc{tiobe,
  title = {TIOBE Index},
  howpublished = {\url{http://www.tiobe.com/index.php/content/paperinfo/tpci/index.html}},
  note = {[Online; accessed 20160212]}
}

@article{reed2015,
  title={Patina: A formalization of the Rust programming language},
  author={Reed, Eric},
  journal={University of Washington, Department of Computer Science and Engineering, Tech. Rep. UW-CSE-15-03-02},
  year={2015}
}

